@misc{swiftObjectively,
  title = {Swift, {O}bjectively},
  howpublished = {\url{http://www.drdobbs.com/architecture-and-design/swift-objectively/240168424}},
  note = {Accessed: 2015-12-8}
}
@misc{fastLook,
  title = {A fast look at {S}wift, {A}pple's new programming language},
  howpublished = {\url{http://arstechnica.com/apple/2014/06/a-fast-look-at-swift-apples-new-programming-language/}},
  note = {Accessed: 2015-12-8}
}
@misc{openSource,
  title = {Apple's new programming language {S}wift is now open source},
  howpublished = {\url{http://www.theverge.com/2015/12/3/9842854/apple-swift-open-source-released}},
  note = {Accessed: 2015-12-8}
}
@misc{Lynda,
  title = {Lynda.com},
  howpublished = {\url{http://www.lynda.com/member}},
  note = {Accessed: 2015-12-8}
}
@misc{,
  title = {},
  howpublished = {\url{}},
  note = {Accessed: 2015-12-8}
}
@misc{swiftvsobjectivec,
  title = {Swift vs. {O}bjective-C:10 reason to future favors {S}wift},
  howpublished = {\url{http://www.infoworld.com/article/2920333/mobile-development/swift-vs-objective-c-10-reasons-the-future-favors-swift.html}},
  note = {Accessed: 2015-12-8}
}
%@misc{,
  %title = {},
  %howpublished = {\url{}},
  %note = {Accessed: 2015-12-8}
%}
%@misc{,
  %title = {},
  %howpublished = {\url{}},
  %note = {Accessed: 2015-12-8}
%}

